@book{EriksonAndPenker,
    title={Business Modeling with UML},
    subtitle={Business Patterns at Work},
    author={Hans Erik Eriksson and Magnus Penker},
    year={2000},
    publisher={John Wiley and Sons},
    address={E.U.A.},
}

@techreport{BPMNspec,
    title={Business Process Modeling Notation (BPMN) Specification},
    subtitle={OMG Final Adopted Specification},
    url={http://www.omg.org/cgi-bin/apps/doc?dtc/06-02-01.pdf},
    urlaccessdate={28 set. 2006},
    year={2006},
    month={fevereiro},
    institution={Object Management Group (OMG)}
}

@techreport{UMLspec,
    title={Unified Modeling Language (UML), version 1.5},
    url={http://www.omg.org/spec/UML/1.5/PDF},
    urlaccessdate={20 oct. 2008},
    year={2003},
    institution={Object Management Group (OMG)}
}

@techreport{UMLProfiles,
    title={Catalog of UML Profile Specifications},
    url={http://www.omg.org/technology/documents/profile_catalog.htm},
    urlaccessdate={20 oct. 2008},
    year={2008},
    institution={Object Management Group (OMG)}
}



@article{OMG,
    title={Object Management Group},
    year={2006},
    url = {http://www.omg.org},
    urlaccessdate = {28 set. 2006}
}

@book{HammerAndChampy,
    title={Reengineering the corporation},
    author={Michael Hammer and James Champy},
    address={New York},
    publisher={HarperBusiness},
    year={1994},
}

@article{Goncalves2000,
    title={{As empresas s{\~a}o grandes cole{\c{c}}{\~o}es de processos}},
    author={José Ernesto Lima GON{\c{C}}ALVES},
    journal={Revista de Administração de Empresas (RAE)},
    volume={40},
    number={1},
    pages={6-19},
    year={2000},
    month={janeiro},
    address={São Paulo},
    url={http://www.projeler.com.br/download/pdf/as_empresas_sao_grandes_colecoes_de_processos.pdf},
    urlaccessdate={1 set. 2009},
}

@article{Goncalves2000B,
    title={{PROCESSO, QUE PROCESSO?}},
    author={José Ernesto Lima GON{\c{C}}ALVES},
    journal={RAE},
    volume={40},
    number={4},
    pages={9},
    year={2000},
    month={outubro},
}

@book{GrahamAndLeBaron,
    title={{The horizontal revolution}},
    author={Graham, M.A. and LeBaron, M.},
    year={1994},
    publisher={Jossey-Bass San Francisco},
    address={E.U.A.},
}

@book{Garvin1994,
    title={{The Processes of Organization and Management}},
    author={Garvin, D.A.},
    year={1994},
    publisher={Division of Research, Harvard Business School},
    address={E.U.A.},
}

@article{Saracevic1996,
    title={Ci{\^e}ncia da informa{\c{c}}{\~a}o: origem, evolu{\c{c}}{\~a}o e 
        rela{\c{c}}{\~o}es},
    author={Tefko Saracevic},
    journal={Perspectivas em Ci{\^e}ncia da Informa{\c{c}}{\~a}o},
    volume={1},
    number={1},
    year={1996},
    url={http://www.eci.ufmg.br/pcionline/viewarticle.php?id=5},
    urlaccessdate={31 jul. 2007},
    address={Belo Horizonte, MG},
}

@book{Choo2003,
    title={A organiza{\c{c}}{\~a}o do conhecimento},
    subtitle={Como as organiza{\c{c}}{\~o}es 
        usam a informa{\c{c}}{\~a}o para criar significado, construir conhecimento e 
        tomar decis{\~o}es},
    author={Chun Wei Choo},
    year={2003},
    publisher={Senac},
    address={São Paulo, SP},
}

@book{NonakaTakeuchi1995,
    title={The Knowledge-Creating Company},
    subtitle={How Japanese companies create the dynamics of innovation},
    author={Nonaka, I. and Takeuchi, H.},
    year={1995},
    publisher={Oxford University Press US},
    address={E.U.A.},
}

@article{NonakaAndKonno:1998,
    title={The Concept of ``Ba''},
    subtitle={Building a foundation for knowledge creation},
    author={Ikujiro Nonaka and Noboru Konno},
    journal={California Management Review},
    volume={40},
    number={3},
    pages={40-54},
    year={1998},
    publisher={Spring},
}

The concept of ba

@article{Wilson2002,
    title={The nonsense of knowledge management},
    author={T. D. Wilson},
    journal={Information Research},
    volume={8},
    number={1},
    year={2002},
    month={Outubro},
    url={http://informationr.net/ir/8-1/paper144},
    urlaccessdate={1 jul. 2009},
}

@article{DRIS,
    title={Design Research in Information Systems},
    author={Vaishnavi, V. and Kuechler, W.},
    journal={IS WorldNet},
    year={2004},
    url={http://home.aisnet.org/displaycommon.cfm?an=1&subarticlenbr=279},
    urlaccessdate={01 set. 2009}
}

@incollection{Outsourcing,
    title = {Outsourcing},
    booktitle = {Wikipedia, the free encyclopedia},
    url={http://en.wikipedia.org/w/index.php?title=Outsourcing&oldid=148087557},
    urlaccessdate={01 ago. 2007},
    year={2007},
}

@incollection{Records2005,
    title={{The Fusion of Process and Knowledge Management}},
    author={L Russel Records},
    url={http://www.bptrends.com/publicationfiles/09-05%20WP%20Fusion%20Process%20KM%20-%20Records.pdf},
    urlaccessdate={01 ago. 2007},  
    year={2005},
    month={setembro},
    booktitle={Business Process Trends},
}

@article{vasconcelos2001fms,
    title={{A Framework for Modeling Strategy, Business Processes and Information Systems}},
    author={Vasconcelos, A. and Caetano, A. and Neves, J. and Sinogas, P. and Mendes, R. and Tribolet, J.},
    journal={Proceedings of the 5th IEEE International Conference on Enterprise Distributed Object Computing},
    year={2001},
    publisher={IEEE Computer Society Washington, DC, USA}
}

@techreport{fyrvik2003pmb,
    title={{PROCESS MODELLING AS BASIS FOR DEVELOPMENT AND INTEGRATION OF NEW INFORMATION SYSTEMS}},
    author={Fyrvik, T. and Uthaug, E.S.},
    year={2003},
    url={http://www.sintef.no/upload/MARINTEK/PDF-filer/Papers-Articles/Avd%2028/Process%20modelling.pdf},
    urlaccessdate={10 set. 2007},
    institution={SINTEF Group},
}

@book{kruchten2003rup,
    title={The Rational Unified Process},
    subtitle={An Introduction},
    author={P. Kruchten},
    year={2003},
    publisher={Addison-Wesley Professional},
    address={E.U.A.},
}

@incollection{MikeRosen2006,
    title={BPM and SOA},
    subtitle={Where does one end and the other begin ?},
    year={2006},
    month={janeiro},
    booktitle={A BPT column at bptrends.com},
    author={Mike Rosen},
    url={http://www.bpmi.org/bpm-soa/},
    urlaccessdate={10 set. 2007},
}

@book{Ferraz1997,
    author={João Carlos Ferraz},
    title={Made in Brazil},
    subtitle={desafios competitivos para a indústria},
    address={Rio de Janeiro},
    publisher={Campus},
    year={1997},
}

@book{IntroducaoASI,
    author={Efraim Turban and R. Kelly Rainer Jr. and Richard E. Potter},
    title={Introdução a Sistemas de Informação},
    subtitle={Uma abordagem gerencial},
    publisher={Campus-Elsevier},
    year={2007},
    address={Rio de Janeiro},
}

@techreport{BPELWS,
    institution={IBM},
    title={Business Process Execution Language for Web Services version 1.1},
    year={2002},
    url={http://www.ibm.com/developerworks/library/specification/ws-bpel/},
    urlaccessdate={10 set. 2007},
}

@book{singleton1993asr,
    title={Approaches to social research},
    author={Royce A. Singleton, Jr. and Bruce C. Straits},
    year={1993},
    publisher={Oxford University Press},
    address={New York},
    edition={3},
}

@inbook{Houaiss:Empreendimento,
    author = {Antônio Houaiss and others},
    title = {Empreendimento},
    booktitle = {Dicionário Eletrônico Houaiss da Língua Portuguesa},
    publisher = {Objetiva},
    edition = {Versão 1.0.5},
    year = {2002},
    address = {Rio de Janeiro}, 
    note = {1 CD-ROM},
}

@inbook{Houaiss:Metodologia,
    author = {Antônio Houaiss and others},
    title = {Metodologia},
    booktitle = {Dicionário Eletrônico Houaiss da Língua Portuguesa},
    publisher = {Objetiva},
    edition = {Versão 1.0.5},
    year = {2002},
    address = {Rio de Janeiro}, 
    note = {1 CD-ROM},
}


@book{Fayol,
    title={General and Industrial Management},
    author={Henry Fayol},
    year={1949},
    publisher={Pitman},
}

@book{Davenport,
    title={Process Innovation},
    subtitle={Reengineering Work Through Information Technology},
    author={Thomas Davenport},
    year={1993},
    publisher={Harvard Business School Press},
}

@book{Davenport:1998,
    title={Ecologia da informação},
    author={Thomas Davenport},
    year={1998},
    publisher={Futura},
    address={São Paulo},
}

@techreport{Offshoring,
    title={Off-shoring},
    subtitle={An elusive phenomenon},
    url={http://www.napawash.org/Pubs/Off-ShoringJan06.pdf},
    urlaccessdate={19 abr. 2008},
    year={2006},
    month={janeiro},
    institution={National Academy Of Public Administration},
    address={EUA},
    author={Janet Norwood and others},
}

@book{Yin,
    title={Case Study Research},
    subtitle={Design and Methods},
    author={Yin, R.K.},
    year={2003},
    publisher={Sage Publications Inc}
}

@book{Laville,
    title={A constru{\c{c}}{\~a}o do saber},
    subtitle={Manual de metodologia da pesquisa em ci{\^e}ncias humanas},
    author={Christian Laville and Jean Dionne},
    publisher={Artmed e Editora UFMG},
    year={1999},
    address={Porto Alegre},
}

@incollection{HoltenDreilingBecker,
    author = {Roland Holten and Alexander Dreiling and Jorg Becker},
    title = {Ontology-Driven Method Engineering for Information Systems 
        Development},
    chapter = {VII},
    publisher = {Springer},
    year = {2007},
    booktitle = {Conceptual Modeling of Information Systems},
    editor = {Antoni Oliv{\'e}},
    address = {New York, EUA},
}

@thesis{Vitorino,
    author = {Breno Augusto Dias Vitorino},
    year = {2006},
    title = {Arquitetura para constru{\c{c}}{\~a}o de software adaptativo para 
        redes de sensores},
    school = {Departamento de Ciência da Computação, UFMG},
    address = {Belo Horizonte},
    url = {http://hdl.handle.net/1843/RVMR-7DZH7S},
    urlaccessdate = {01 jul. 2008},
    type = {Dissertação de mestrado},
}

@thesis{Eiras,
    author = {Luis Carlos Silva Eiras},
    year = {2005},
    title = {Uma metodologia para avaliação automática de sites e sua aplicação 
        em sites do Governo do Estado de Minas Gerais},
    school = {Escola de Ciência da Informação, UFMG},
    address = {Belo Horizonte},
    url = {http://hdl.handle.net/1843/VALA-6K5N4H},
    urlaccessdate = {01 jul. 2008},
    type = {Dissertação de mestrado},
}

@thesis{Assis:2006,
    author = {Wilson Martins de Assis},
    year = {2006},
    title = {Metodologia para construção de produtos de informação nas 
        organizações},
    school = {Escola de Ciência da Informação, UFMG},
    address = {Belo Horizonte},
    url = {http://hdl.handle.net/1843/VALA-6K5N4H},
    urlaccessdate = {01 jul. 2008},
    type = {Dissertação de mestrado},
}


@article{Cornelius2002,
    title={Theorizing information for information science},
    author={Ian Cornelius},
    journal={Annual review of information science and technology},
    volume={36},
    pages={393-425},
    year={2002},
    publisher={American Society for Information Science},
}

@article{Heilprin1989,
    title={Foundations of information science reexamined},
    author={L. B. HEILPRIN},
    journal={Annual review of information science and technology},
    volume={24},
    pages={343--372},
    year={1989},
    publisher={American Society for Information Science},
}

@book{Ingwersen1992,
    title={Information retrieval interaction},
    author={P. Ingwersen},
    year={1992},
    publisher={Taylor Graham},
    urlaccessdate={7 set. 2008},
    url={http://www.scils.rutgers.edu/~muresan/IR/Docs/Books/Ingwersen_IRI/Ingwersen_IRI.pdf},
}

@inproceedings{Capurro2003,
    title={Epistemologia e ci{\^e}ncia da informa{\c{c}}{\~a}o},
    author={Rafael Capurro},
    booktitle={Anais...},
    conference-number={5},
    year={2003},
    conference-year={2003},
    furtherresp={Tradu{\c c}\~ao Ana Maria Rezende Cabral et al},
    organization={Encontro Nacional de Pesquisa em Ciência da Informação (ENANCIB)},
    conference-location={Belo Horizonte},
    publisher={UFMG},
}

@article{Prusak2001,
    title={Where did knowledge management come from?},
    author={L. Prusak},
    journal={IBM Systems Journal},
    volume={40},
    number={4},
    pages={1002--1007},
    year={2001},
    urlaccessdate={7 set. 2008},
    url={http://www.research.ibm.com/journal/sj/404/prusak.txt},

}

@inproceedings{Choo1995,
    title={Information Management for the Intelligent Organization},
    subtitle={Roles and Implications for the Information Professions},
    author={Chun Wei Choo},
    booktitle={Digital Libraries Conference},
    year={1995},
    address={Cingapura},
    urlaccessdate={7 set. 2008},
    url={http://choo.fis.utoronto.ca/fis/respub/dlc95.html},
}

@article{Choo1996,
    title={The knowing organization},
    subtitle={How organizations use information to construct meaning, create knowledge and make decisions},
    author={Chun Wei Choo},
    journal={International Journal of Information Management},
    volume={16},
    number={5},
    pages={329--340},
    year={1996},
    publisher={Elsevier},
    url={http://choo.fis.utoronto.ca/FIS/respub/IJIM1996.pdf},
    urlaccessdate={7 set. 2008},
}


@book{McGee1993,
    title={Managing Information Strategically},
    author={McGee, J.V. and Prusak, L.},
    year={1993},
    publisher={John Wiley and Sons},
    address={Nova York, EUA},
}

@book{Beuren1998,
    title={Gerenciamento da informa{\c{c}}{\~a}o},
    subtitle={Um recurso estrat{\'e}gico no processo de gest{\~a}o empresarial},
    author={Beuren, I.M.},
    year={1998},
    publisher={Atlas},
    address={São Paulo},
}

@book{Drucker1993,
    title={Post-capitalist society},
    author={Peter F. Drucker},
    year={1993},
    publisher={Harper-Collins},
    address={Nova York, EUA},
}

@book{Weick1995,
    title={Sensemaking in organizations},
    author={Karl Weick},
    publisher={Sage},
    year={1995},
    address={Thousand Oaks},
}

@article{Simon1976,
    title={Administrative Behavior},
    subtitle={A study of decision-making processes in administrative 
        organization},
    author={H. A. Simon},
    year={1976},
    edition={3},
    address={Nova York, EUA},
    publisher={Free Press},
}

@article{Simon1957,
    title={Models of man},
    subtitle={Social and rational},
    author={H. A. Simon},
    year={1957},
    address={Nova York, EUA},
    publisher={John Wiley},
}

@inbook{Domingues:2004,
    title={Paradigmas e modelos nas ciências humanas},
    author={Ivan Domingues},
    address={São Paulo},
    publisher={Loyola},
    volume={Tomo I: Positivismo e hermenêutica},
    year={2004},
    booktitle={Epistemologia das ciencias humanas},
}

@unpublished{Almeida:2008,
    author={Maurício Barcelos Almeida},
    title={{Slides da disciplina Modelos Organizacionais - PPGCI/UFMG}},
    year={2008},
}

@article{Frigg:2006,
    title={Models in science},
    author={R. Frigg and S. Hartmann},
    journal={Stanford Encyclopedia of Philosophy},
    year={2006},
    url={http://plato.stanford.edu/entries/models-science/},
    urlaccessdate={23 abr. 2009}
}

@article{Sayao:2001,
    title={{Modelos te{\'o}ricos em ci{\^e}ncia da informa{\c{c}}{\~a}o--abstra{\c{c}}{\~a}o e m{\'e}todo cient{\'\i}fico}},
    author={Say{\~a}o, L.F.},
    journal={Ci. Inf},
    volume={30},
    number={1},
    pages={82--91},
    year={2001},
    publisher={SciELO Brasil},
    url={http://www.scielo.br/scielo.php?pid=S0100-19652001000100010&script=sci_arttext&tlng=pt},
    urlaccessdate={23 abr. 2009}  
}

@inproceedings{Evermann:2006,
    title={Organizational Paradigms and Organizational Modelling},
    author={J. Evermann},
    booktitle={Proceedings...},
    organization={Workshop on Business and IT Alignment (BUSITAL) at CAiSE},
    conference-year={2006},
    year={2006},
    month={Junho},
    conference-location={Luxembourg},
    address={Luxembourg},
    urlaccessdate={7 set. 2008},
    url={http://homepages.mcs.vuw.ac.nz/~jevermann/EvermannBusital06.pdf},
}


@article{Gronau:2005,
    title={KMDL},
    subtitle={Capturing, Analysing and Improving Knowledge-Intensive Business 
        Processes},
    author={Gronau, N. and Müller, C. and Korf, R.},
    journal={Journal of Universal Computer Science},
    volume={11},
    number={4},
    pages={452-472},
    year={2005},
    url={http://www.jucs.org/jucs_11_4/kmdl_capturing_analysing_and/Gronau_N.html},
    urlaccessdate={2 mar. 2009},
}

@article{Strohmaier:2005,
    title={Integrating Business Processes and Knowledge Infrastructures J. UCS 
        Special Issue},
    author={Markus Strohmaier and Stefanie N. Lindstaedt},
    journal={Journal of Universal Computer Science},
    volume={11},
    number={4},
    pages={426-428},
    year={2005},
    url={http://www.jucs.org/jucs_11_4/integrating_business_processes_and/Strohmaier_M.pdf},
    urlaccessdate={2 mar. 2009},
}



@article{BaskervilleAndDulipovici:2006,
    title={The theoretical foundations of knowledge management},
    author={Richard Baskerville and Alina Dulipovici},
    journal={Knowledge Management Research \& Practice},
    volume={4},
    number={2},
    pages={83--105},
    year={2006},
    publisher={Nature Publishing Group},
    urlaccessdate={2 mar. 2009},
    url={http://www.palgrave-journals.com/kmrp/journal/v4/n2/full/8500090a.html},
}

@InProceedings{KMDLSoftEng,
    title={Evaluation of KMDL Models of Knowledge intensive Business Processes in 
        the Area of Software Engineering},
    author={Caludia Müller and Julian Bahrs and Norbert Gronau},
    booktitle={Proceedings...},
    organization={I-Know},
    pages={365--372},
    year={2007},
    conference-year={2007},
    conference-number={5},
}

@incollection{Abecker:2002,
    title={Integrationspotenziale für Geschäftsprozesse und Wissensmanagement},
    author={Abecker, A. and Hinkelmann, K. and Maus, H. and Müller, H.J.},
    booktitle={Geschäftsprozessorientiertes Wissensmanagement},
    publisher={Springer-Verlag Berlin Heidelberg},
    year={2002},
    editor={Abecker, A. and Hinkelmann, K. and Maus, H. and Müller, H.J.},
    address={Nova York, EUA},
}

@InProceedings{Trier:2004,
    title={Towards a systematic approach for capturing knowledge-intensive business processes},
    author={Trier, M. and Müller, C.},
    booktitle={Proceedings...},
    pages={239-250},
    year={2004},
    conference-year={2004},
    conference-number={5},
    conference-month={dez.},
    publisher={Springer-Verlag},
    address={Berlin, Heidelberg},
    conference-location={Viena, Aústria},
    organization={Practical Aspects of Knowledge Management},
}


@InProceedings{Andrade:2004,
    title={Um estudo de aplica{\c{c}}{\~a}o de modelagem de processo de 
        neg{\'o}cio para apoiar a 
        especifica{\c{c}}{\~a}o de requisitos de um Sistema},
    author={Andrade, A. and Ribeiro, A. and Borges, E. and Neves, W.},
    year={2004},
    publisher={Artigos-Universidade Federal de Minas Gerais},
    conference-year={2004},
    conference-month={nov.},
    conference-number={6},
    organization={Simpósio Internacional de Melhoria de Processos de Software},
    conference-location={São Paulo},
    pages={177-188},
}


@article{KalpicBermus:2006,
    title={Business process modeling through the knowledge management perspective},
    author={Kalpic, B. and Bernus, P.},
    journal={Journal of Knowledge Management},
    volume={10},
    number={3},
    pages={40--56},
    year={2006},
    publisher={Emerald},
    url={http://www.emeraldinsight.com/Insight/ViewContentServlet?contentType=Article&Filename=/published/emeraldfulltextarticle/pdf/2300100303.pdf},
    urlaccessdate={2 mar. 2009},   
}

@article{Papavassiliou:2003,
    title={{Knowledge modelling in weakly-structured business processes}},
    author={Papavassiliou, G. and Mentzas, G.},
    journal={Journal of Knowledge Management},
    volume={7},
    number={2},
    pages={18--33},
    year={2003},
    url={http://www.emeraldinsight.com/Insight/ViewContentServlet?Filename=Published/EmeraldFullTextArticle/Articles/2300070202.html},
    urlaccessdate={2 mar. 2009},   
}

@thesis{BKIDE,
    title={B-KIDE},
    subtitle={A Framework and a Tool for Business Process-Oriented Knowledge 
        Infrastructure Development},
    author={Markus B. Strohmaier},
    year={2005},
    school={Institute for Knowledge Management and Knowledge Visualization,
        Graz University of Technology},
    address={Austria},
    url={http://www.know-center.at/content/download/581/3518/file/2004_Diss_MStrohmaier.pdf},
    urlaccessdate={2 mar. 2009},
    type={PhD Thesis},
}

@article{Owen:1998,
    title={Design research},
    subtitle={Building the knowledge base},
    author={Owen, C.L.},
    journal={Design Studies},
    volume={19},
    number={1},
    pages={9-20},
    year={1998},
    publisher={Elsevier},
    url={http://www.id.iit.edu/141/getdocument.php?id=127},
    urlaccessdate={2 mar. 2009},
}

@article{Takeda:1990,
    title={Modeling design processes},
    author={Takeda, H. and Veerkamp, P. and Tomiyama, T. and Yoshikawa, H.},
    journal={AI magazine},
    volume={11},
    number={4},
    pages={37-48},
    year={1990},
    publisher={American Association for Artificial Intelligence Menlo Park, CA, USA},
    url={http://www.aaai.org/ojs/index.php/aimagazine/article/viewFile/855/773},
}

@article{DavenportCronin:2000,
    title={Knowledge management: semantic drift or conceptual shift?},
    author={Davenport, E. and Cronin, B.},
    journal={Journal of Education for Library and Information Science},
    volume={41},
    number={4},
    pages={294--306},
    year={2000},
    publisher={Association for Library and Information Science Education}
}

@inproceedings{KPQM,
    title={A maturity model for quality improvement in knowledge management},
    author={Paulzen, O. and Doumi, M. and Perc, P. and Cereijo-Roibas, A.},
    booktitle={Proceedings...},
    year={2002},
    conference-year={2002},
    organization={Association for Information Systems (ACIS)},
    url={http://ais.bepress.com/acis2002/5},
    urlaccessdate={2 mar. 2009},
}

@inproceedings{KMDLCompetency,
    title={Creating skill catalogues for competency management systems with KMDL},
    author={Gronau, N. and Uslar, M.},
    booktitle={Proceedings...},
    year={2004},
    conference-year={2004},
    organization={IRMA International Conference},
    publisher={Idea Group},
    url={http://www.mwise.de/blog/wp-content/bibtex/4_irma_2004.pdf},
    urlaccessdate={2 mar. 2009},
}

@article{Gronau:2004,
    title={Management of knowledge intensive business processes},
    author={Gronau, N. and Weber, E.},
    journal={Lecture notes in computer science},
    pages={163--178},
    year={2004},
    publisher={Springer},
}

@article{MarchSmith:1995,
    title={Design and natural science research on information technology},
    author={March, S.T. and Smith, G.F.},
    journal={Decision Support Systems},
    volume={15},
    number={4},
    pages={251--266},
    year={1995},
    publisher={Citeseer}
}

@article{Heisig:2003,
    title={Wissensmanagement in industriellen Geschaftsprozessen},
    author={Heisig, P.},
    journal={Industrie Management},
    volume={3},
    pages={22--25},
    year={2003},
    address={Berlim},   
}

@incollection{Hinkelmann:2003,
    author={K. Hinkelmann, D. Karagiannis, R. Telesko},
    title={PROMOTE},
    subtitle={Methodologie und Werkzeuge für geschäftsprozessorientierten 
        Wissensmanagement},
    publisher={Springer-Verlag},
    year={2003},
    booktitle = {Geschäftsprozessorientiertes Wissensmanagement},
    editor={A. Abecker and K. Hinkelmann and H. Maus and H.J. Müller},
    address={Berlim},
    pages={65-90},
}

@book{Schreiber:2000,
    title={Knowledge engineering and management},
    subtitle={The CommonKADS methodology},
    author={Schreiber, G. and Akkermans, H. and Anjewierden, A.},
    year={2000},
    publisher={The MIT Press},
    address={Cambridge, EUA},
}

@book{Lindstaedt:1998,
    title={Group memories},
    subtitle={A knowledge medium for communities of interest},
    author={Lindstaedt, S.N.},
    year={1998},
    publisher={University of Colorado at Boulder},
    address={Boulder - CO, EUA}
}

@book{Remus:2002,
    title={{Proze{\ss}orientiertes Wissensmanagement-Konzepte und Modellierung}},
    author={Remus, U.},
    publisher={Universitat Regensburg},
    year={2002},
    address={Regensburg, Alemanaha},
}

@book{Mentzas:2003,
    title={Knowledge asset management},
    subtitle={Beyond the process-centred and product-centred approaches},
    author={Mentzas, G. and Apostolou, D. and Abecker, A. and Young, R.},
    year={2003},
    publisher={Springer Verlag},
    address={New York, EUA},    
}

@thesis{RivadaviaTese,
    title={Gest{\~a}o do conhecimento em organiza{\c{c}}{\~o}es},
    subtitle={Proposta de mapeamento conceitual integrativo},
    author={Rivadávia Correa Drummond de Alvarenga},
    year={2005},
    school={Escola de Ciência da Informação, UFMG},
    address={Belo Horizonte},
    url={http://hdl.handle.net/1843/EARM-6ZGNE6},
    urlaccessdate={01 jul. 2009},
    type={Tese de doutorado},
}

@book{TheThirdWave,
    title={Business process management},
    subtitle={The third wave},
    author={Smith, H. and Fingar, P.},
    year={2003},
    publisher={Meghan-Kiffer Press},
    address={Tampa - Florida, EUA},
    url={http://www.fairdene.com/BPM3-ApxA-BPML.pdf},
    urlaccessdate={01 jul. 2009},
}
